<record><leader>00000cas a22000007a 4500</leader><controlfield tag="001">24808584</controlfield><controlfield tag="008">911119d19751976nyuwr ne      0    0eng d</controlfield><datafield ind1=" " ind2=" " tag="010"><subfield code="a">sn 92061617 </subfield></datafield><datafield ind1=" " ind2=" " tag="040"><subfield code="a">NYS</subfield><subfield code="b">eng</subfield><subfield code="c">NYS</subfield><subfield code="d">OCLCQ</subfield></datafield><datafield ind1=" " ind2=" " tag="042"><subfield code="a">msc</subfield></datafield><datafield ind1="0" ind2=" " tag="130"><subfield code="a">Standard (Port Crane, N.Y.)</subfield></datafield><datafield ind1="1" ind2="4" tag="245"><subfield code="a">The standard.</subfield></datafield><datafield ind1="3" ind2="0" tag="246"><subfield code="a">Chenango Valley standard</subfield></datafield><datafield ind1="1" ind2="7" tag="246"><subfield code="a">C-V standard</subfield></datafield><datafield ind1=" " ind2=" " tag="250"><subfield code="a">Chenango Valley ed.</subfield></datafield><datafield ind1=" " ind2=" " tag="260"><subfield code="a">Port Crane, N.Y. :</subfield><subfield code="b">Enterprise Print.</subfield></datafield><datafield ind1=" " ind2=" " tag="300"><subfield code="a">v. ;</subfield><subfield code="c">43 cm.</subfield></datafield><datafield ind1=" " ind2=" " tag="310"><subfield code="a">Weekly</subfield></datafield><datafield ind1="0" ind2=" " tag="362"><subfield code="a">Vol. 1, no. 1 (Dec. 2, 1975)-</subfield></datafield><datafield ind1="1" ind2=" " tag="362"><subfield code="a">Ceased in 1976?</subfield></datafield><datafield ind1=" " ind2=" " tag="500"><subfield code="a">"Serving the towns of Chenango, Dickinson, Fenton."</subfield></datafield><datafield ind1=" " ind2=" " tag="515"><subfield code="a">Vol. 1, no. 4-&lt;v. 1, no. 15&gt; issues are undated.</subfield></datafield><datafield ind1=" " ind2="4" tag="651"><subfield code="a">Port Crane (N.Y.)</subfield><subfield code="v">Newspapers.</subfield></datafield><datafield ind1=" " ind2=" " tag="752"><subfield code="a">United States</subfield><subfield code="b">New York</subfield><subfield code="c">Broome</subfield><subfield code="d">Port Crane.</subfield></datafield><datafield ind1="1" ind2=" " tag="029"><subfield code="a">AU@</subfield><subfield code="b">000025906659</subfield></datafield></record>